<?xml version="1.0" encoding="UTF-8"?><collection xmlns="http://www.loc.gov/MARC21/slim"><record><leader>00425nam--2200133-i-4500</leader><controlfield tag="001">000030984</controlfield><controlfield tag="002">20161230</controlfield><controlfield tag="005">20161230201038</controlfield><controlfield tag="008">060222s1000------------r-----000-0-eng-d</controlfield><datafield ind1=" " ind2=" " tag="080"><subfield code="a">530.145</subfield></datafield><datafield ind1=" " ind2=" " tag="100"><subfield code="a">Magnen, Jacques</subfield></datafield><datafield ind1=" " ind2=" " tag="245"><subfield code="a">L`interaction .4 a trois dimensions: positivite de l`hamiltonien, developpemment a faible constante de couplage et analyticite. these</subfield></datafield><datafield ind1=" " ind2=" " tag="260"><subfield code="a">Paris, L`Universite, 1976. 159p</subfield></datafield><datafield ind1=" " ind2=" " tag="852"><subfield code="a">44910</subfield></datafield></record></collection>